
@article{1603.06042v2,
	Author = {Daniel Andor and Chris Alberti and David Weiss and Aliaksei Severyn and Alessandro Presta and Kuzman Ganchev and Slav Petrov and Michael Collins},
	Journal = {arXiv preprint},
	Month = {Mar},
	Number = {1603.06042v2},
	Title = {Globally Normalized Transition-Based Neural Networks},
	Year = {2016}}

@inproceedings{Alabau2012,
	Address = {Trento, Italy},
	Author = {Vicent Alabau and Luis A. Leiva and Daniel Ortiz-Martínez and Francisco Casacuberta},
	Booktitle = {Proceedings of the 16th Annual Conference of the European Association for Machine Translation (EAMT)},
	Pages = {20--23},
	Title = {User Evaluation of Interactive Machine Translation Systems},
	Year = {2012}}

@inproceedings{Alabau2014,
	Address = {Gothenburg, Sweden},
	Author = {Alabau, Vicent and Buck, Christian and Carl, Michael and Casacuberta, Francisco and García-Martínez, Mercedes and Germann, Ulrich and González-Rubio, Jesús and Hill, Robin and Koehn, Philipp and Leiva, Luis and Mesa-Lao, Bartolomé and Ortiz-Martínez, Daniel and Saint-Amand, Herve and Sanchis Trilles, Germán and Tsoukala, Chara},
	Booktitle = {Proceedings of the Demonstrations at the 14th Conference of the European Chapter of the Association for Computational Linguistics (EACL)},
	Pages = {25--28},
	Title = {{{CASMACAT}}: A Computer-assisted Translation Workbench},
	Year = {2014}}

@techreport{Alabau2015,
	Author = {Vicent Alabau and Michael Carl and Mercedes García Martínez and Jesús González-Rubio and Bartolomé Mesa-Lao and Daniel Ortiz-Martínez and Sofia Rodrigues and Moritz Schaeffer},
	Institution = {ICT Project 287576 (CASMACAT) of the European Community's Seventh Framework Programme for Research and Technological Development},
	Number = {D6.3},
	Title = {Analysis of the third field trial},
	Year = {2015}}

@article{Alkhouli2018,
	Author = {Tamer Alkhouli and Gabriel Bretschner and Hermann Ney},
	Journal = {arXiv preprint},
	Month = {Sep},
	Number = {1809.03985},
	Title = {On The Alignment Problem In Multi-Head Attention-Based Neural Machine Translation},
	Year = {2018}}

@techreport{ALPAC1966,
	Address = {Washington, D.C.},
	Author = {Pierce, John R. and Carroll, John B. and Hamp, Eric P. and Hays, David G. and Hockett, Charles F. and Oettinger, Anthony G. and Perlis, Alan},
	Institution = {Division of Behavioral Sciences, National Academy of Sciences, National Research Council},
	Title = {Language and machines: Computers in Translation and Linguistics},
	Type = {A Report by the Automatic Language Processing Advisory Committee},
	Year = {1966}}

@inproceedings{ArifStuerzlinger2009,
	Address = {Toronto, Canada},
	Author = {Arif, Ahmed Sabbir and Stuerzlinger, Wolfgang},
	Booktitle = {2009 IEEE Tornoto International Conference on Science and Technology for Humanity (TIC-STH)},
	Month = {September},
	Pages = {100--105},
	Title = {Analysis of text entry performance metrics},
	Year = {2009}}

@book{Arnu2014,
	Author = {Titus Arnu},
	Publisher = {Langenscheidt},
	Series = {Langenscheidt Übelsetzungen},
	Title = {{{Hier bellen: Sprachpannen aus aller Welt}}},
	Volume = {6},
	Year = {2014}}

@inproceedings{Asenov2016,
	Address = {San Jose, California, USA},
	Author = {Asenov, Dimitar and Hilliges, Otmar and M\"{u}ller, Peter},
	Booktitle = {Proceedings of the 2016 CHI Conference on Human Factors in Computing Systems},
	Pages = {5040--5045},
	Series = {CHI '16},
	Title = {The Effect of Richer Visualizations on Code Comprehension},
	Year = {2016}}

@article{Ba2016,
	Author = {Jimmy Lei Ba and Jamie Ryan Kiros and Geoffrey E. Hinton},
	Journal = {arXiv preprint},
	Month = {Jul},
	Title = {Layer Normalization},
	Volume = {arXiv:1607.06450},
	Year = {2016}}

@book{Baayen2008,
	Address = {Cambridge},
	Author = {R. Harald Baayen},
	Publisher = {Cambridge University Press},
	Title = {Analyzing linguistic Data: A practical introduction to statistics using {{R}}},
	Year = {2008}}

@article{BaayenMilin2010,
	Author = {R. Harald Baayen and Petar Milin},
	Journal = {International Journal of Psychological Research},
	Number = {2},
	Pages = {12--28},
	Title = {Analyzing Reaction Times},
	Volume = {3},
	Year = {2010}}

@article{Bahdanau2014,
	Author = {Dzmitry Bahdanau and Kyunghyun Cho and Yoshua Bengio},
	Journal = {arXiv preprint},
	Month = {Sep},
	Number = {1409.0473v7},
	Title = {Neural Machine Translation by Jointly Learning to Align and Translate},
	Year = {2014}}

@inproceedings{BanerjeeLavie2005,
	Address = {Ann Arbor, Michigan},
	Author = {Banerjee, Satanjeev and Lavie, Alon},
	Booktitle = {Proceedings of the ACL Workshop on Intrinsic and Extrinsic Evaluation Measures for Machine Translation and/or Summarization},
	Month = {June},
	Pages = {65--72},
	Title = {{{METEOR}}: An Automatic Metric for {{MT}} Evaluation with Improved Correlation with Human Judgments},
	Year = {2005}}

@article{BarHillel1951,
	Author = {Yehoshua Bar-Hillel},
	Journal = {American Documentation},
	Number = {4},
	Pages = {229–237},
	Title = {The present state of research on mechanical translation},
	Volume = {2},
	Year = {1951}}

@article{BarHillel1960,
	Author = {Yehoshua Bar-Hillel},
	Journal = {Advances in Computers},
	Pages = {97--163},
	Title = {The Present Status of Automatic Translation of Languages},
	Volume = {1},
	Year = {1960}}

@article{Barr2013,
	Author = {Barr, Dale J and Levy, Roger and Scheepers, Christoph and Tily, Harry J},
	Journal = {J Mem Lang},
	Month = {Apr},
	Number = {3},
	Title = {Random effects structure for confirmatory hypothesis testing: Keep it maximal.},
	Volume = {68},
	Year = {2013}}

@article{Barrachina2009,
	Author = {Barrachina, Sergio and Bender, Oliver and Casacuberta, Francisco and Civera, Jorge and Cubel, Elsa and Khadivi, Shahram and Lagarda, Antonio and Ney, Hermann and Tom\'{a}s, Jes\'{u}s and Vidal, Enrique and Vilar, Juan-Miguel},
	Journal = {Computational Linguistics},
	Month = mar,
	Number = {1},
	Pages = {3--28},
	Title = {Statistical Approaches to Computer-assisted Translation},
	Volume = {35},
	Year = {2009}}

@article{BayerHohenwarter2009,
	Author = {Bayer-Hohenwarter, Gerrit},
	Journal = {Across Languages and Cultures},
	Number = {2},
	Title = {Methodological reflections on the experimental design of time-pressure studies},
	Volume = {10},
	Year = {2009}}

@inproceedings{Baziotis2017,
	Address = {Vancouver, Canada},
	Author = {Baziotis, Christos and Pelekis, Nikos and Doulkeridis, Christos},
	Booktitle = {Proceedings of the 11th International Workshop on Semantic Evaluation (SemEval)},
	Month = {August},
	Pages = {747--754},
	Title = {DataStories at SemEval-2017 Task 4: Deep LSTM with Attention for Message-level and Topic-based Sentiment Analysis},
	Year = {2017}}

@inproceedings{Bentivogli2016,
	Address = {Austin TX, USA},
	Author = {Bentivogli, Luisa and Bisazza, Arianna and Cettolo, Mauro and Federico, Marcello},
	Booktitle = {Proceedings of EMNLP},
	Month = {November},
	Pages = {257--267},
	Title = {Neural versus Phrase-Based Machine Translation Quality: a Case Study},
	Year = {2016}}

@article{Bentivogli2017,
	Author = {Luisa Bentivogli and Arianna Bisazza and Mauro Cettolo and Marcello Federico},
	Journal = {Computer Speech & Language},
	Title = {Neural versus phrase-based \{MT\} quality: An in-depth analysis on English–German and English–French},
	Year = {2017}}

@inproceedings{Bentivogli2018,
	Address = {Bruges, Belgium},
	Author = {Luisa Bentivogli and Mauro Cettolo and Marcello Federico and Christian Federmann},
	Booktitle = {Proceedings of IWSLT},
	Pages = {62--69},
	Title = {Machine Translation Human Evaluation: an investigation of evaluation based on Post-Editing and its relation with Direct Assessment},
	Year = {2018}}

@inproceedings{BernthMcCord2000,
	Address = {Berlin, Heidelberg},
	Author = {Bernth, Arendse and McCord, Michael C.},
	Booktitle = {Envisioning Machine Translation in the Information Future},
	Editor = {White, John S.},
	Pages = {89--99},
	Publisher = {Springer Berlin Heidelberg},
	Title = {The Effect of Source Analysis on Translation Confidence},
	Year = {2000}}

@book{BerridgeCrouchley2011,
	Address = {Boca Raton},
	Author = {Berridge, Damon Mark and Crouchley, Robert},
	Publisher = {Taylor \& Francis},
	Title = {Multivariate Generalized Linear Mixed Models Using R},
	Year = {2011}}

@incollection{BiauGilPym2006,
	Address = {Tarragona, Spain},
	Author = {José Ramón Biau-Gil and Anthony Pym},
	Booktitle = {Translation Technology and its Teaching},
	Editor = {Anthony Pym and Alexander Perestrenko and Bram Starink},
	Pages = {5--19},
	Publisher = {Intercultural Studies Group, Universitat Rovira i Virgili},
	Title = {Technology and translation (a pedagogical overview)},
	Year = {2006}}

@inproceedings{Biedert2010,
	Address = {Atlanta, GA, USA},
	Author = {Ralf Biedert and Georg Buscher and Sven Schwarz and Jörn Hees and Andrease Dengel},
	Booktitle = {Proceedings of the 2010 ACM SIGCHI Conference on Human Factors in Computing Systems (CHI)},
	Title = {Text 2.0},
	Year = {2010}}

@techreport{BisbeyKay1972,
	Address = {Santa Monica, CA, USA},
	Author = {Bisbey, Richard L. and Kay, Martin},
	Institution = {RAND Corporation},
	Month = {March},
	Number = {P-4786},
	Title = {The {{MIND}} translation system: A study in man-machine collaboration},
	Year = {1972}}

@article{Bowker2005,
	Author = {Lynne Bowker},
	Journal = {Localisation Focus},
	Number = {1},
	Pages = {13--20},
	Title = {Productivity vs Quality? {{A}} pilot study on the impact of translation memory systems},
	Volume = {4},
	Year = {2005}}

@article{Britz2017,
	Author = {Denny Britz and Anna Goldie and Minh-Thang Luong and Quoc Le},
	Journal = {arXiv preprint},
	Title = {Massive Exploration of Neural Machine Translation Architectures},
	Volume = {1703.03906},
	Year = {2017}}

@phdthesis{Burke1982,
	Author = {Burke, Julie Ava},
	School = {University of Illinois at Urbana-Champaign},
	Title = {An Analysis of Intelligibility in a Practical Activity: The Role and Relationship of Discourse and Context},
	Year = {1982}}

@article{Cadwell2016,
	Author = {Patrick Cadwell and Sheila Castilho and Sharon O’Brien and Linda Mitchell},
	Journal = {Translation Spaces},
	Number = {2},
	Pages = {222–243},
	Title = {Human factors in machine translation and post-editing among institutional translators},
	Volume = {5},
	Year = {2016}}

@unpublished{Cadwell2017,
	Author = {Patrick Cadwell and Sharon O’Brien and Teixeira, Carlos S. C.},
	Note = {To appear in \textit{Perspectives}},
	Title = {Resistance and accommodation: factors for the (non-) adoption of machine translation among professional translators},
	Year = {2017}}

@inproceedings{CallisonBurch2006,
	Address = {Trento, Italy},
	Author = {Callison-Burch, Chris and Osborne, Miles and Koehn, Philipp},
	Booktitle = {Proceedings of the 11th Conference of the European Chapter of the Association for Computational Linguistics (EACL)},
	Pages = {249--256},
	Title = {Re-evaluation the Role of {{BLEU}} in Machine Translation Research},
	Year = {2006}}

@inproceedings{CallisonBurch2007,
	Address = {Prague, CZ},
	Author = {Callison-Burch, Chris and Fordyce, Cameron and Koehn, Philipp and Monz, Christof and Schroeder, Josh},
	Booktitle = {Proceedings of the Second Workshop on Statistical Machine Translation (WMT)},
	Pages = {136--158},
	Title = {(Meta-) evaluation of machine translation},
	Year = {2007}}

@article{Campbell1999,
	Author = {Stuart Campbell},
	Journal = {Target},
	Number = {1},
	Title = {A cognitive approach to source text diﬃculty in translation.},
	Volume = {11},
	Year = {1999}}

@article{Carbonell1970,
	Author = {Carbonell, Jaime R.},
	Journal = {IEEE Transactions on Man-Machine Systems},
	Number = {4},
	Pages = {190--202},
	Title = {{{AI}} in {{CAI}}: An Artificial-Intelligence Approach to Computer-Assisted Instruction},
	Volume = {11},
	Year = {1970}}

@article{Card2017,
	Author = {Dallas Card and Chenhao Tan and Noah A. Smith},
	Journal = {arXiv preprint},
	Month = {May},
	Number = {1705.09296v1},
	Title = {A Neural Framework for Generalized Topic Models},
	Year = {2017}}

@article{CarlKay2011,
	Author = {Carl, Michael ; Kay, Martin},
	Journal = {Meta},
	Number = {4},
	Pages = {952--975},
	Title = {Gazing and Typing Activities during Translation: A Comparative Study of Translation Units of Professional and Student Translators},
	Volume = {56},
	Year = {2011}}

@article{Casacuberta2009,
	Author = {Casacuberta, Francisco and Civera, Jorge and Cubel, Elsa and Lagarda, Antonio L. and Lapalme, Guy and Macklovitch, Elliott and Vidal, Enrique},
	Journal = {Communications of the ACM},
	Number = {10},
	Pages = {135--138},
	Title = {Human Interaction for High-quality Machine Translation},
	Volume = {52},
	Year = {2009}}

@article{Castilho2017,
	Author = {Castilho, Sheila and Moorkens, Joss and Gaspari, Federico and Calixto, Iacer and Tinsley, John and Way, Andy},
	Journal = {The Prague Bulletin of Mathematical Linguistics},
	Pages = {109--120},
	Title = {{Is Neural Machine Translation the New State of the Art?}},
	Volume = {108},
	Year = {2017}}

@inproceedings{Castilho2017b,
	Address = {Nagoya, Japan},
	Author = {Sheila Castilho and Joss Moorkens and Federico Gaspari and Rico Sennrich and Vilelmini Sosoni and Panayota Georgakopoulou and Pintu Lohar and Andy Way and Miceli Barone, Antonio Valerio and Maria Gialama},
	Booktitle = {Proceedings of MT Summit XVI},
	Pages = {116--131},
	Title = {A Comparative Quality Evaluation of PBSMT and NMT using Professional Translators},
	Year = {2017}}

@inproceedings{Castilho2017crowdsourcing,
	Address = {London, UK},
	Author = {Sheila Castilho and Joss Moorkens and Federico Gaspari and Andy Way and Panayota Georgakopoulou and Maria Gialama and Vilelmini Sosoni and Rico Sennrich},
	Booktitle = {Proceedings of Translating and the Computer 39},
	Title = {Crowdsourcing for {{NMT}} evaluation: Professional translators versus the crowd},
	Year = {2017}}

@article{Castilho2018,
	Author = {Castilho, Sheila and Moorkens, Joss and Gaspari, Federico and Sennrich, Rico and Way, Andy and Georgakopoulou, Panayota},
	Journal = {Machine Translation},
	Month = {Aug},
	Number = {3},
	Pages = {255--278},
	Title = {Evaluating MT for massive open online courses},
	Volume = {22},
	Year = {2018}}

@inproceedings{ChenCherry2014,
	Address = {Baltimore, Maryland, USA},
	Author = {Chen, Boxing and Cherry, Colin},
	Booktitle = {Proceedings of the Ninth Workshop on Statistical Machine Translation},
	Month = {June},
	Pages = {362--367},
	Title = {A Systematic Comparison of Smoothing Techniques for Sentence-Level BLEU},
	Year = {2014}}

@inproceedings{Cheng2016,
	Address = {San Diego, California},
	Author = {Cheng, Shanbo and Huang, Shujian and Chen, Huadong and Dai, Xin-Yu and Chen, Jiajun},
	Booktitle = {Proceedings of the 2016 Conference of the North American Chapter of the Association for Computational Linguistics: Human Language Technologies (NAACL)},
	Month = {June},
	Pages = {1240--1249},
	Title = {PRIMT: A Pick-Revise Framework for Interactive Machine Translation},
	Year = {2016}}

@incollection{Chomsky1969,
	Address = {Dodrecht, Netherlands},
	Author = {Noam Chomsky},
	Booktitle = {Words and Objections: Essays on the Work of W.V. Quine},
	Editor = {Donald Davidson and Jaakko Hintikka},
	Pages = {53--68},
	Publisher = {D. Reidel},
	Title = {Quine’s empirical assumptions},
	Year = {1969}}

@article{ChurchHovy1993,
	Author = {Church, Kenneth W and Hovy, Eduard H},
	Journal = {Machine Translation},
	Number = {4},
	Pages = {239--258},
	Title = {Good Applications for Crummy Machine Translation},
	Volume = {8},
	Year = {1993}}

@article{Clark1973,
	Author = {Clark, Herbert H.},
	Journal = {Journal of Verbal Learning and Verbal Behavior},
	Pages = {335--359},
	Title = {The language-as-a-fixed-effect fallacy: A critique of language statistics in psychological research},
	Volume = {4},
	Year = {1973}}

@article{ClevelandMcGill1984,
	Author = {William S. Cleveland and Robert McGill},
	Journal = {Journal of the American Statistical Association},
	Number = {387},
	Pages = {531--554},
	Title = {Graphical Perception: Theory, Experimentation, and Application to the Development of Graphical Methods},
	Volume = {79},
	Year = {1984}}

@inproceedings{Conlen2018,
	Address = {Montreal QC, Canada},
	Author = {Conlen, Matthew and Stalla, Sara and Jin, Chelly and Hendrie, Maggie and Mushkin, Hillary and Lombeyda, Santiago and Davidoff, Scott},
	Booktitle = {Proceedings of the 2018 CHI Conference on Human Factors in Computing Systems},
	Pages = {138:1--138:7},
	Publisher = {ACM},
	Series = {CHI '18},
	Title = {Towards Design Principles for Visual Analytics in Operations Contexts},
	Year = {2018}}

@inproceedings{Coppers2018,
	Address = {New York, NY, USA},
	Author = {Coppers, Sven and Van den Bergh, Jan and Luyten, Kris and Coninx, Karin and van der Lek-Ciudin, Iulianna and Vanallemeersch, Tom and Vandeghinste, Vincent},
	Booktitle = {Proceedings of the 2018 CHI Conference on Human Factors in Computing Systems},
	Pages = {524:1--524:13},
	Publisher = {ACM},
	Series = {CHI '18},
	Title = {Intellingo: An Intelligible Translation Environment},
	Year = {2018}}

@techreport{CSA2018,
	Author = {DePalma, Donald A. and Pielmeier, Hélène and Stewart, Robert G.},
	Institution = {CSA Research},
	Month = {June},
	Title = {The Language Services Market: 2018. Annual Review of the Services and Technology Industry That Supports Translation, Localization, and Interpreting},
	Year = {2018}}

@article{Dehghani2018,
	Author = {Mostafa Dehghani and Stephan Gouws and Oriol Vinyals and Jakob Uszkoreit and Łukasz Kaiser},
	Journal = {arXiv preprint},
	Month = {Jul},
	Number = {1807.03819v1},
	Title = {Universal Transformers},
	Year = {2018}}

@techreport{DePalma2016,
	Address = {Cambridge, MA, USA},
	Author = {Donald A. DePalma and Hélène Pielmeier and Stephen Henderson and Robert G. Stewart},
	Institution = {Common Sense Advisory, Inc.},
	Title = {The Language Services Market: 2016},
	Type = {Research Report},
	Year = {2016}}

@book{Dillon1993,
	Address = {London, UK},
	Author = {Dillon, Andrew},
	Publisher = {Taylor \& Francis},
	Title = {Designing Usable Electronic Text},
	Year = {1993}}

@article{DohertyKenny2014,
	Author = {Doherty, Stephen and Kenny, Dorothy},
	Journal = {The Interpreter and Translator Trainer},
	Number = {2},
	Pages = {295--315},
	Title = {The design and evaluation of a Statistical Machine Translation syllabus for translation students},
	Volume = {8},
	Year = {2014}}

@article{Dragsted2006,
	Author = {Barbara Dragsted},
	Journal = {Pragmatics \& Cognition},
	Number = {2},
	Pages = {443--464},
	Title = {Computer-aided translation as a distributed cognitive task},
	Volume = {14},
	Year = {2006}}

@incollection{Dragsted2010,
	Author = {Dragsted, Barbara},
	Booktitle = {Translation and Cognition},
	Editor = {Shreve, Gregory M. and Angelone, Erik},
	Pages = {41--62},
	Publisher = {John Benjamins Publishing},
	Title = {Coordination of reading and writing processes in translation},
	Year = {2010}}

@inproceedings{Dyer2015,
	Address = {Beijing, China},
	Author = {Dyer, Chris and Ballesteros, Miguel and Ling, Wang and Matthews, Austin and Smith, Noah A.},
	Booktitle = {Proceedings of the 53rd Annual Meeting of the Association for Computational Linguistics and the 7th International Joint Conference on Natural Language Processing (Volume 1: Long Papers)},
	Month = {July},
	Pages = {334--343},
	Publisher = {Association for Computational Linguistics},
	Title = {Transition-Based Dependency Parsing with Stack Long Short-Term Memory},
	Year = {2015}}

@article{Dynet,
	Author = {Graham Neubig and Chris Dyer and Yoav Goldberg and Austin Matthews and Waleed Ammar and Antonios Anastasopoulos and Miguel Ballesteros and David Chiang and Daniel Clothiaux and Trevor Cohn and Kevin Duh and Manaal Faruqui and Cynthia Gan and Dan Garrette and Yangfeng Ji and Lingpeng Kong and Adhiguna Kuncoro and Gaurav Kumar and Chaitanya Malaviya and Paul Michel and Yusuke Oda and Matthew Richardson and Naomi Saphra and Swabha Swayamdipta and Pengcheng Yin},
	Journal = {arXiv preprint},
	Month = {Jan},
	Number = {1701.03980v1},
	Title = {DyNet: The Dynamic Neural Network Toolkit},
	Year = {2017}}

@article{EhrensbergerDow2016,
	Author = {Maureen Ehrensberger-Dow and Andrea Hunziker Heeb and Gary Massey and Ursula Meidert and Silke Neumann and Heidrun Becker},
	Journal = {Revue de l’Institut des langues et cultures d'Europe, Amérique, Afrique, Asie et Australie (ILCEA)},
	Number = {27},
	Title = {An International Survey of the Ergonomics of Professional Translation},
	Year = {2016}}

@incollection{EhrensbergerDowHunzikerHeeb,
	Author = {Maureen Ehrensberger-Dow and Hunziker Heeb, Andrea},
	Booktitle = {Reembedding Translation Process Research},
	Editor = {Ricardo Muñoz Martín},
	Number = {128},
	Pages = {69--88},
	Publisher = {John Benjamins},
	Series = {Benjamins Translation Library},
	Title = {Investigating the ergonomics of a technologized translation workplace},
	Year = {2016}}

@incollection{EhrensbergerDowMassey2014,
	Author = {Maureen Ehrensberger-Dow and Gary Massey},
	Booktitle = {The Development of Translation Competence: Theories and Methodologies from Psycholinguistics and Cognitive Science},
	Pages = {58--86},
	Publisher = {Cambridge Scholars Publishing},
	Title = {Cognitive Ergonomic Issues in Professional Translation},
	Year = {2014}}

@conference{Esteban2004,
	Address = {Barcelona, Spain},
	Author = {Esteban, José and Lorenzo, José and Valderrábanos, Antonio S. and Guy Lapalme},
	Booktitle = {The Companion Volume to the Proceedings of 42st Annual Meeting of the Association for Computational Linguistics (ACL)},
	Month = {July},
	Pages = {94--97},
	Title = {{{TransType2}} - An Innovative Computer-Assisted Translation System},
	Year = {2004}}

@book{Field2012,
	Address = {London, UK},
	Author = {Field, Andy and Miles, Jeremy and Field, Zoë},
	Publisher = {Sage Publications Ltd},
	Title = {Discovering Statistics Using R},
	Year = {2012}}

@inproceedings{Firat2016,
	Author = {Firat, Orhan and Cho, Kyunghyun and Bengio, Yoshua},
	Booktitle = {Proceedings of the 2016 Conference of the North American Chapter of the Association for Computational Linguistics: Human Language Technologies (NAACL)},
	Pages = {866--875},
	Publisher = {San Diego, California},
	Title = {Multi-Way, Multilingual Neural Machine Translation with a Shared Attention Mechanism},
	Year = {2016}}

@article{Firat2016b,
	Author = {Orhan Firat and Baskaran Sankaran and Yaser Al-Onaizan and Fatos T. Yarman Vural and Kyunghyun Cho},
	Journal = {arXiv preprint},
	Month = {Jun},
	Number = {1606.04164v1},
	Title = {Zero-Resource Translation with Multi-Lingual Neural Machine Translation},
	Year = {2016}}

@article{Fischer1990,
	Author = {Fischer, Gerhard},
	Journal = {Information Systems},
	Number = {1},
	Pages = {21--36},
	Title = {Communication Requirements for Cooperative Problem Solving Systems},
	Volume = {15},
	Year = {1990}}

@article{Forcada2017,
	Author = {Forcada, Mikel L.},
	Journal = {Translation Spaces},
	Number = {2},
	Pages = {291--309},
	Title = {Making sense of neural machine translation},
	Volume = {6},
	Year = {2017}}

@article{Foster1997,
	Author = {Foster, George and Isabelle, Pierre and Plamondon, Pierre},
	Journal = {Machine Translation},
	Number = {1},
	Pages = {175--194},
	Title = {Target-Text Mediated Interactive Machine Translation},
	Volume = {12},
	Year = {1997}}

@book{Fowler1995,
	Author = {Floyd J. Fowler},
	Publisher = {Sage Publications Ltd},
	Series = {Applied Social Research Methods Series},
	Title = {Improving Survey Questions: Design and Evaluation},
	Volume = {38},
	Year = {1995}}

@book{Fowler2014,
	Author = {Floyd J. Fowler},
	Edition = {5},
	Publisher = {Sage Publications Ltd},
	Title = {Survey Research Methods},
	Year = {2014}}

@inproceedings{Fraisse2012,
	Address = {Mumbai, India},
	Author = {Fraisse, Amel and Boitet, Christian and Bellynck, Valérie},
	Booktitle = {Proceedings of COLING 2012: Demonstration Papers},
	Month = {December},
	Pages = {141--146},
	Title = {An In-Context and Collaborative Software Localisation Model},
	Year = {2012}}

@article{FrancisSaenz2007,
	Author = {Francis, Wendy S. and Sáenz, Silvia P.},
	Journal = {Memory {\&} Cognition},
	Number = {3},
	Pages = {481--493},
	Title = {Repetition priming endurance in picture naming and translation: Contributions of component processes},
	Volume = {35},
	Year = {2007}}

@article{GaleChurch1993,
	Author = {William A. Gale and Kenneth W. Church},
	Journal = {Computational Linguistics},
	Number = {1},
	Pages = {75--102},
	Title = {A Program for Aligning Sentences in Bilingual Corpora},
	Volume = {19},
	Year = {1993}}

@book{GelmanHill2007,
	Author = {Andrew Gelman and Jennifer Hill},
	Publisher = {Cambridge University Press},
	Title = {Data Analysis Using Regression and Multilevel/Hierarchical Models},
	Year = {2007}}

@inproceedings{Germann2014,
	Address = {Vancouver, Canada},
	Author = {Germann, Ulrich},
	Booktitle = {Proceedings of the AMTA 2014 Workshop on Interactive and Adaptive Machine Translation},
	Pages = {20--31},
	Title = {Dynamic phrase tables for machine translation in an interactive post-editing scenario},
	Year = {2014}}

@article{Goncharova2011,
	Author = {Yuliya Goncharova and Philippe Lacour},
	Journal = {Traduire},
	Number = {225},
	Pages = {86--100},
	Title = {TraduXio : nouvelle expérience en traduction littéraire},
	Year = {2011}}

@article{GonzalezRubioCasacuberta2014,
	Author = {Jesús González-Rubio and Francisco Casacuberta},
	Journal = {Pattern Recognition Letters},
	Number = {Supplement C},
	Pages = {124 - 134},
	Title = {Cost-sensitive active learning for computer-assisted translation},
	Volume = {37},
	Year = {2014}}

@inproceedings{GonzlezRubio2016,
	Address = {Berlin, Germany},
	Author = {González-Rubio, Jesús and Ortiz Martinez, Daniel and Casacuberta, Francisco and Benedi Ruiz, Miguel Jose},
	Booktitle = {Proceedings of The 20th SIGNLL Conference on Computational Natural Language Learning (CoNLL)},
	Month = {August},
	Pages = {198--207},
	Title = {Beyond Prefix-Based Interactive Translation Prediction},
	Year = {2016}}

@book{Goodfellow2016,
	Author = {Ian Goodfellow and Yoshua Bengio and Aaron Courville},
	Publisher = {MIT Press},
	Title = {Deep Learning},
	Year = {2016}}

@inproceedings{Graen2014,
	Address = {Hildesheim, Germany},
	Author = {Graën, Johannes and Batinic, Dolores and Volk, Martin},
	Booktitle = {Proceedings of the 12th Edition of the KONVENS Conference},
	Month = {October},
	Pages = {222--227},
	Title = {Cleaning the Europarl Corpus for Linguistic Applications},
	Year = {2014}}

@inproceedings{Graham2013,
	Address = {Sofia, Bulgaria},
	Author = {Yvette Graham and Timothy Baldwin and Alistair Moffat and Justin Zobel},
	Booktitle = {Proceedings of the 7th Linguistic Annotation Workshop \& Interoperability with Discourse},
	Pages = {33--41},
	Title = {Continuous Measurement Scales in Human Evaluation of Machine Translation},
	Year = 2013}

@article{GrangierAuli2017,
	Author = {David Grangier and Michael Auli},
	Journal = {arXiv preprint},
	Month = {Dec},
	Number = {1711.04805v2},
	Title = {QuickEdit: Editing Text & Translations by Crossing Words Out},
	Year = {2017}}

@inproceedings{Green2013,
	Address = {Paris, France},
	Author = {Spence Green AND Jeffrey Heer AND Christopher D. Manning},
	Booktitle = {Proceedings of CHI},
	Month = {April},
	Title = {The Efficacy of Human Post-Editing for Language Translation},
	Year = {2013}}

@inproceedings{Green2014HumanEffort,
	Address = {Doha, Qatar},
	Author = {Green, Spence and Wang, Sida and Chuang, Jason and Heer, Jeffrey and Schuster, Sebastian and Manning, Christopher D.},
	Booktitle = {Proceedings of the 2014 Conference on Empirical Methods in Natural Language Processing (EMNLP)},
	Month = {October},
	Pages = {1225--1236},
	Title = {Human Effort and Machine Learnability in Computer Aided Translation},
	Year = {2014}}

@inproceedings{Green2014PredictiveTM,
	Address = {Honolulu, Hawaii, USA},
	Author = {Green, Spence and Chuang, Jason and Heer, Jeffrey and Manning, Christopher D.},
	Booktitle = {Proceedings of the 27th Annual ACM Symposium on User Interface Software and Technology},
	Month = {October},
	Pages = {177--187},
	Title = {Predictive Translation Memory: A Mixed-initiative System for Human Language Translation},
	Year = {2014}}

@phdthesis{Green2014Thesis,
	Author = {Spence Green},
	School = {Stanford University},
	Title = {Mixed-initiative natural language translation},
	Year = {2014}}

@article{Green2015,
	Author = {Green, Spence and Heer, Jeffrey and Manning, Christopher D.},
	Journal = {Communications of the ACM},
	Number = {9},
	Pages = {46--53},
	Title = {Natural Language Translation at the Intersection of AI and HCI},
	Volume = {58},
	Year = {2015}}

@article{Guerberof2009,
	Author = {Guerberof, Ana},
	Journal = {The International Journal of Localisation},
	Number = {1},
	Pages = {11--21},
	Title = {Productivity and quality in the post-editing of outputs from translation memories and machine translation},
	Volume = {7},
	Year = {2009}}

@article{Guerberof2013,
	Author = {Guerberof, Ana},
	Journal = {Journal of Specialised Translation},
	Number = {19},
	Title = {What do professional translators think about post-editing?},
	Year = {2013}}

@article{Hassan2018,
	Author = {Hany Hassan and Anthony Aue and Chang Chen and Vishal Chowdhary and Jonathan Clark and Christian Federmann and Xuedong Huang and Marcin Junczys-Dowmunt and William Lewis and Mu Li and Shujie Liu and Tie-Yan Liu and Renqian Luo and Arul Menezes and Tao Qin and Frank Seide and Xu Tan and Fei Tian and Lijun Wu and Shuangzhi Wu and Yingce Xia and Dongdong Zhang and Zhirui Zhang and Ming Zhou},
	Journal = {arXiv preprint},
	Month = {Mar},
	Volume = {1803.05567},
	Title = {Achieving Human Parity on Automatic Chinese to English News Translation},
	Year = {2018}}

@inproceedings{Heer2009,
	Author = {Jeffrey Heer AND Nicholas Kong AND Maneesh Agrawala},
	Booktitle = {Proceedings of CHI},
	Title = {Sizing the Horizon: The Effects of Chart Size and Layering on the Graphical Perception of Time Series Visualizations},
	Year = {2009}}

@article{Heer2019,
	Author = {Heer, Jeffrey},
	Journal = {Proceedings of the National Academy of Sciences},
	Number = {6},
	Pages = {1844--1850},
	Title = {Agency plus automation: Designing artificial intelligence into interactive systems},
	Volume = {116},
	Year = {2019}}

@article{HochreiterSchmidhuber1997,
	Author = {Hochreiter, Sepp and Schmidhuber, J\"{u}rgen},
	Journal = {Neural Computation},
	Month = nov,
	Number = {8},
	Pages = {1735--1780},
	Title = {Long Short-Term Memory},
	Volume = {9},
	Year = {1997}}

@phdthesis{Hokamp2018,
	Address = {Dublin, Ireland},
	Author = {Hokamp, Christopher M.},
	School = {Dublin City University},
	Title = {Deep interactive text prediction and quality estimation in translation interfaces},
	Year = {2018}}

@inproceedings{HokampLiu2015,
	Author = {Hokamp, Christopher M. and Liu, Qun},
	Booktitle = {Proceedings of the 18th Annual Conference of the European Association for Machine Translation},
	Pages = {2016},
	Title = {HandyCAT - An Open-Source Platform for {{CAT}} Tool Research},
	Year = {2015}}

@inproceedings{HokampLiu2017,
	Address = {Vancouver, Canada},
	Author = {Hokamp, Christopher M. and Liu, Qun},
	Booktitle = {Proceedings of the 55th Annual Meeting of the Association for Computational Linguistics (Volume 1: Long Papers)},
	Pages = {1535--1546},
	Title = {Lexically Constrained Decoding for Sequence Generation Using Grid Beam Search},
	Year = {2017}}

@book{HoltzblattBeyer2017,
	Address = {Boston},
	Author = {Karen Holtzblatt and Hugh Beyer},
	Edition = {Second Edition},
	Publisher = {Morgan Kaufmann},
	Title = {Contextual Design (Second Edition)},
	Year = {2017}}

@inproceedings{Hornbaek2001,
	Address = {Seattle, Washington, USA},
	Author = {Hornbæk, Kasper and Frøkjær, Erik},
	Booktitle = {Proceedings of the SIGCHI Conference on Human Factors in Computing Systems},
	Pages = {293--300},
	Title = {Reading of Electronic Documents: The Usability of Linear, Fisheye, and Overview+Detail Interfaces},
	Year = {2001}}

@inproceedings{Horvitz1999,
	Address = {Pittsburgh, PA, USA},
	Author = {Horvitz, Eric},
	Booktitle = {Proceedings of the SIGCHI Conference on Human Factors in Computing Systems (CHI)},
	Pages = {159--166},
	Title = {Principles of Mixed-initiative User Interfaces},
	Year = {1999}}

@article{Hutchins1997,
	Author = {Hutchins, John},
	Journal = {Machine Translation},
	Number = {3},
	Pages = {195--252},
	Title = {From First Conception to First Demonstration: the Nascent Years of Machine Translation, 1947--1954. A Chronology},
	Volume = {12},
	Year = {1997}}

@inproceedings{Ibraheem2017,
	Address = {Nagoya, Japan},
	Author = {Ibraheem, Samee and Altieri, Nicholas and DeNero, John},
	Booktitle = {Proceedings of MT Summit XVI},
	Month = {September},
	Pages = {108--115},
	Title = {Learning an Interactive Attention Policy for Neural Machine Translation},
	Volume = {1: Research Track},
	Year = {2017}}

@article{Johnson2016,
	Author = {Melvin Johnson and Mike Schuster and Quoc V. Le and Maxim Krikun and Yonghui Wu and Zhifeng Chen and Nikhil Thorat and Fernanda Viégas and Martin Wattenberg and Greg Corrado and Macduff Hughes and Jeffrey Dean},
	Journal = {arXiv preprint},
	Month = {Dec},
	Number = {1611.04558v2},
	Title = {Google's Multilingual Neural Machine Translation System: Enabling Zero-Shot Translation},
	Year = {2016}}

@article{Junczys-DowmuntGrundkiewicz2017,
	Author = {Marcin Junczys-Dowmunt and Roman Grundkiewicz},
	Journal = {arXiv preprint},
	Month = {Jun},
	Number = {1706.04138v1},
	Title = {An Exploration of Neural Sequence-to-Sequence Architectures for Automatic Post-Editing},
	Year = {2017}}

@inproceedings{Junczys2016,
	Address = {Tokyo, Japan},
	Author = {Marcin Junczys-Dowmunt and Tomasz Dwojak and Hieu Hoang},
	Booktitle = {Proceedings of IWSLT},
	Month = {December},
	Title = {Is Neural Machine Translation Ready for Deployment? {{A}} Case Study on 30 Translation Directions},
	Year = {2016}}

@inproceedings{JunczysDowmunt2018,
	Address = {Belgium, Brussels},
	Author = {Junczys-Dowmunt, Marcin},
	Booktitle = {Proceedings of the Third Conference on Machine Translation},
	Month = {October},
	Pages = {429--434},
	Title = {Microsoft's Submission to the WMT2018 News Translation Task: How I Learned to Stop Worrying and Love the Data},
	Year = {2018}}

@unpublished{JurafskyMartin,
	Author = {Daniel Jurafsky and James H. Martin},
	Month = {January},
	Note = {Draft of 3rd edition},
	Title = {Speech and Language Processing},
	Year = {2017}}

@article{Karimova2017,
	Author = {Sariya Karimova and Patrick Simianer and Stefan Riezler},
	Journal = {arXiv preprint},
	Month = {12},
	Number = {1712.04853v1},
	Title = {A User-Study on Online Adaptation of Neural Machine Translation to Human Post-Edits},
	Year = {2017}}

@techreport{Kay1980,
	Address = {Palo Alto, CA, USA},
	Author = {Kay, Martin},
	Institution = {Xerox Palo Alto Research Center},
	Month = {October},
	Number = {CSL-80-11},
	Title = {The Proper Place of Men and Machines in Language Translation},
	Type = {Research Report},
	Year = {1980}}

@inproceedings{Kingma2015,
	Address = {San Diego, CA, USA},
	Author = {Kingma, Diederik P. and Jimmy Ba},
	Booktitle = {International Conference on Learning Representations},
	Title = {Adam: A Method for Stochastic Optimization},
	Year = {2015}}

@inproceedings{Kittur2008,
	Address = {Florence, Italy},
	Author = {Kittur, Aniket and Chi, Ed H. and Suh, Bongwon},
	Booktitle = {{Proceedings of CHI}},
	Pages = {453--456},
	Title = {{Crowdsourcing User Studies with Mechanical Turk}},
	Year = {2008}}

@inproceedings{KnowlesKoehn2016,
	Address = {Austin, TX, USA},
	Author = {Rebecca Knowles and Philipp Koehn},
	Booktitle = {Proceedings of the Conference of the Association for Machine Translation in the Americas (AMTA)},
	Month = {October},
	Pages = {107--120},
	Title = {Neural Interactive Translation Prediction},
	Year = 2016}

@book{Knuth1981,
	Address = {Reading, MA, USA},
	Author = {Donald E. Knuth},
	Edition = {2nd},
	Publisher = {Addison-Wesley},
	Title = {The Art of Computer Programming, Volume 2: Seminumerical Algorithms},
	Year = {1981}}

@inproceedings{Koehn2005,
	Address = {Phuket, Thailand},
	Author = {Koehn, Philipp},
	Booktitle = {Proceedings of the 10th Machine Translation Summit (MT Summit)},
	Month = {September},
	Pages = {79--86},
	Title = {Europarl: A parallel corpus for statistical machine translation},
	Year = {2005}}

@article{Koehn2009,
	Author = {Koehn, Philipp},
	Journal = {Machine Translation},
	Number = {4},
	Pages = {241--263},
	Title = {A process study of computer-aided translation},
	Volume = {23},
	Year = {2009}}

@book{Koehn2010,
	Address = {New York, NY, USA},
	Author = {Koehn, Philipp},
	Publisher = {Cambridge University Press},
	Title = {Statistical Machine Translation},
	Year = {2010}}

@article{Koehn2017,
	Author = {Philipp Koehn},
	Journal = {arXiv preprint},
	Month = {Sep},
	Number = {1709.07809},
	Title = {Neural Machine Translation},
	Year = {2017}}

@inproceedings{KoehnHaddow2009,
	Address = {Ottawa, Canada},
	Author = {Koehn, Philipp and Haddow, Barry},
	Booktitle = {Proceedings of the 12th Machine Translation Summit (MT Summit XII)},
	Month = {August},
	Title = {Interactive Assistance to Human Translators using Statistical Machine Translation Methods},
	Year = {2009}}

@inproceedings{KoehnKnowles2017,
	Address = {Vancouver, Canada},
	Author = {Koehn, Philipp and Knowles, Rebecca},
	Booktitle = {Proceedings of the First Workshop on Neural Machine Translation (WMT)},
	Month = {August},
	Pages = {28--39},
	Title = {Six Challenges for Neural Machine Translation},
	Year = {2017}}

@inproceedings{KoehnMonz2006,
	Address = {New York, NY, USA},
	Author = {Koehn, Philipp and Monz, Christof},
	Booktitle = {Proceedings of the Workshop on Statistical Machine Translation (WMT)},
	Month = {June},
	Pages = {102--121},
	Title = {Manual and Automatic Evaluation of Machine Translation between European Languages},
	Year = {2006}}

@inproceedings{Koponen2012,
	Address = {Montreal, Canada},
	Author = {Koponen, Maarit},
	Booktitle = {Proceedings of the Seventh Workshop on Statistical Machine Translation},
	Pages = {181--190},
	Title = {Comparing Human Perceptions of Post-editing Effort with Post-editing Operations},
	Year = {2012}}

@book{Krings1986,
	Address = {Tübingen, Germany},
	Author = {Krings, Hans P.},
	Publisher = {Gunter Narr},
	Title = {Was in den Köpfen von Übersetzern vorgeht},
	Year = {1986}}

@phdthesis{Krings1994,
	Address = {Hildesheim, Germany},
	Author = {Krings, Hans P.},
	School = {Universität Hildesheim},
	Title = {Texte reparieren: Empirische Untersuchungen zum Prozeß der Nachredaktion von Maschinenübersetzungen},
	Type = {Habilitation thesis},
	Year = {1994}}

@book{Krings2001,
	Address = {Kent, Ohio},
	Author = {Krings, Hans P.},
	Editor = {Geoffrey S. Koby},
	Publisher = {Kent State University Press},
	Title = {Repairing Texts: Empirical Investigations of Machine Translationg Post-Editing Processes},
	Year = {2001}}

@article{Kuncoro2017,
	Author = {Adhiguna Kuncoro and Miguel Ballesteros and Lingpeng Kong and Chris Dyer and Graham Neubig and Noah A. Smith},
	Journal = {arXiv preprint},
	Number = {1611.05774},
	Title = {What Do Recurrent Neural Network Grammars Learn About Syntax?},
	Year = {2017}}

@article{Kushner2013,
	Author = {Kushner, Scott},
	Journal = {New Media & Society},
	Number = {8},
	Pages = {1241--1258},
	Title = {The Freelance Translation Machine: Algorithmic Culture and the Invisible Industry},
	Volume = {15},
	Year = {2013}}

@article{Lacour2010,
	Author = {Lacour, Philippe and Bénel, Aurélien and Eyraud, Franck and Freitas, Any and Zambon, Diana},
	Journal = {Meta},
	Number = {4},
	Pages = {674--692},
	Title = {TIC, collaboration et traduction : vers de nouveaux laboratoires numériques de translocalisation culturelle},
	Volume = {55},
	Year = {2010}}

@inproceedings{Laeubli2013,
	Address = {Nice, France},
	Author = {Läubli, Samuel and Fishel, Mark and Massey, Gary and Ehrensberger-Dow, Maureen and Volk, Martin},
	Booktitle = {Proceedings of the 2nd Workshop on Post-Editing Technology and Practice (WPTP)},
	Month = {September},
	Pages = {83--91},
	Title = {Assessing Post-Editing Efficiency in a Realistic Translation Environment},
	Year = {2013}}

@inbook{laeubli2016,
	Author = {Läubli, Samuel and Germann, Ulrich},
	Editor = {Carl, Michael and Bangalore, Srinivas and Schaeffer, Moritz},
	Pages = {155--181},
	Publisher = {Springer},
	Title = {Statistical Modelling and Automatic Tagging of Human Translation Processes},
	Year = {2016}}

@inproceedings{Laeubli2018,
	Address = {Brussels, Belgium},
	Author = {Läubli, Samuel and Sennrich, Rico and Volk, Martin},
	Booktitle = {Proceedings of EMNLP},
	Pages = {4791--4796},
	Publisher = {Association for Computational Linguistics},
	Title = {Has Machine Translation Achieved Human Parity? {{A}} Case for Document-level Evaluation},
	Year = {2018}}

@inproceedings{LaeubliOrregoCarmona2017,
	Address = {London, UK},
	Author = {Samuel Läubli and David Orrego-Carmona},
	Booktitle = {Proceedings of the 39th Conference on Translating and the Computer},
	Month = {November},
	Title = {When {{Google Translate}} is better than some human colleagues, those people are no longer colleagues},
	Year = {2017}}

@inproceedings{Langlais2000,
	Address = {Seattle, WA, USA},
	Author = {Langlais, Philippe and Foster, George and Lapalme, Guy},
	Booktitle = {Proceedings of the 2000 ANLP-NAACL Workshop on Embedded Machine Translation Systems},
	Month = {May},
	Pages = {46--51},
	Title = {TransType: a Computer-Aided Translation Typing System},
	Year = {2000}}

@inproceedings{Langlais2001,
	Address = {Berlin, Heidelberg},
	Author = {Langlais, Philippe and Lapalme, Guy and Sauvé, Sébastien},
	Booktitle = {Advances in Artificial Intelligence},
	Editor = {Stroulia, Eleni and Matwin, Stan},
	Pages = {246--256},
	Publisher = {Springer Berlin Heidelberg},
	Title = {User Interface Aspects of a Translation Typing System},
	Year = {2001}}

@article{Langlais2002,
	Author = {Langlais, Philippe and Lapalme, Guy},
	Journal = {Machine Translation},
	Number = {2},
	Pages = {77--98},
	Title = {Trans Type: Development-Evaluation Cycles to Boost Translator's Productivity},
	Volume = {17},
	Year = {2002}}

@incollection{Laviosa1998,
	Author = {Laviosa-Braithwaite, Sara},
	Booktitle = {Routledge Encyclopedia of Translation Studies},
	Pages = {288--291},
	Publisher = {Routledge},
	Title = {Universals of translation},
	Year = {1998}}

@book{Lazar2017,
	Author = {Lazar, Jonathan and Feng, Jinjuan Heidi and Hochheiser, Harry},
	Edition = {Second},
	Publisher = {Morgan Kaufmann},
	Title = {Research Methods in Human-Computer Interaction},
	Year = {2017}}

@article{LeBlanc2013,
	Author = {Matthieu LeBlanc},
	Journal = {Translation \& Interpreting},
	Number = {2},
	Pages = {1--13},
	Title = {Translators on translation memory ({{TM}}). {{R}}esults of an ethnographic study in three translation services and agencies},
	Volume = {5},
	Year = {2013}}

@article{Lee2017,
	Author = {Jason Lee and Kyunghyun Cho and Jason Weston and Douwe Kiela},
	Journal = {arXiv preprint},
	Month = {Nov},
	Number = {1710.06922v1},
	Title = {Emergent Translation in Multi-Agent Communication},
	Year = {2017}}

@inproceedings{Leiva2013,
	Address = {Paris, France},
	Author = {Leiva, Luis A. and Alabau, Vicent and Vidal, Enrique},
	Booktitle = {Proceedings of the 2013 ACM SIGCHI Conference on Human Factors in Computing Systems (CHI)},
	Title = {Error-proof, High-performance, and Context-aware Gestures for Interactive Text Edition},
	Year = {2013}}

@book{Leskovec2014,
	Author = {Jure Leskovec and Anand Rajaraman and Jeffrey David Ullman},
	Edition = {2nd},
	Publisher = {Cambridge University Press},
	Title = {Mining of Massive Datasets},
	Year = {2014}}

@article{LHostis2016,
	Author = {Gurvan L'Hostis and David Grangier and Michael Auli},
	Journal = {arXiv preprint},
	Month = {Nov},
	Number = {1610.00072},
	Title = {Vocabulary Selection Strategies for Neural Machine Translation},
	Year = {2016}}

@inproceedings{LibovickyHelcl2017,
	Author = {Libovický, Jind{\v{r}}ich and Helcl, Jind{\v{r}}ich},
	Booktitle = {Proceedings of the 55th Annual Meeting of the Association for Computational Linguistics (Volume 2: Short Papers)},
	Pages = {196--202},
	Title = {Attention Strategies for Multi-Source Sequence-to-Sequence Learning},
	Year = {2017}}

@article{Licklider1960,
	Author = {Licklider, Joseph Carl Robnett},
	Journal = {IRE Transactions on Human Factors in Electronics},
	Pages = {4--11},
	Title = {Man-Computer Symbiosis},
	Volume = {HFE-1},
	Year = {1960}}

@inproceedings{LinOch2004,
	Address = {Barcelona, Spain},
	Author = {Lin, Chin-Yew and Och, Franz Josef},
	Booktitle = {Proceedings of the 42nd Annual Meeting on Association for Computational Linguistics (ACL)},
	Title = {Automatic Evaluation of Machine Translation Quality Using Longest Common Subsequence and Skip-bigram Statistics},
	Year = {2004}}

@article{Linzen2017,
	Author = {Tal Linzen and Emmanuel Dupoux and Yoav Goldberg},
	Journal = {arXiv preprint},
	Number = {1611.01368},
	Title = {Assessing the Ability of LSTMs to Learn Syntax-Sensitive Dependencies},
	Year = {2017}}

@inproceedings{LiuHeer2018,
	Address = {Montreal QC, Canada},
	Author = {Liu, Yang and Heer, Jeffrey},
	Booktitle = {Proceedings of the 2018 CHI Conference on Human Factors in Computing Systems},
	Pages = {598:1--598:12},
	Publisher = {ACM},
	Series = {CHI '18},
	Title = {Somewhere Over the Rainbow: An Empirical Assessment of Quantitative Colormaps},
	Year = {2018}}

@article{lme4,
	Author = {Douglas Bates and Martin Mächler and Ben Bolker and Steve Walker},
	Journal = {Journal of Statistical Software},
	Number = {1},
	Pages = {1--48},
	Title = {Fitting Linear Mixed-Effects Models using lme4},
	Volume = {67},
	Year = {2015}}

@inproceedings{LohKong1979,
	Address = {London, UK},
	Author = {Loh, Shiu-Chang and Kong, Luan},
	Booktitle = {Translating and the Computer},
	Pages = {135--148},
	Title = {An interactive on-line machine translation system ({{C}}hinese into {{E}}nglish)},
	Year = {1979}}

@electronic{Luong2016,
	Author = {Thang Luong and Kyunghyun Cho and Christopher D. Manning},
	Title = {Neural Machine Translation Tutorial at ACL 2016},
	Urldate = {22 September 2016}}

@inproceedings{Macklovitch2005,
	Address = {Phuket, Thailand},
	Author = {Macklovitch, Elliott and Nguyen, Ngoc Tran and Lapalme, Guy},
	Booktitle = {Proceedings of MT Summit X},
	Title = {Tracing Translations in the Making},
	Year = {2005}}

@inproceedings{Macklovitch2006,
	Address = {Genova, Italy},
	Author = {Elliott Macklovitch},
	Booktitle = {Proceedings of LREC},
	Month = {May},
	Pages = {167--172},
	Title = {{{TransType2}}: The Last Word},
	Year = {2006}}

@book{Malmkjaer2018,
	Address = {London, UK},
	Editor = {Kirsten Malmkjær},
	Publisher = {Routledge},
	Title = {The Routledge Handbook of Translation Studies and Linguistics},
	Year = {2018}}

@inproceedings{MartinezGomez2014,
	Address = {Safety Harbor, Florida},
	Author = {Martínez-Gómez, Pascual and Minocha, Akshay and Huang, Jin and Carl, Michael and Bangalore, Srinivas and Aizawa, Akiko},
	Booktitle = {Proceedings of the Symposium on Eye Tracking Research and Applications},
	Month = {March},
	Pages = {299--302},
	Series = {ETRA '14},
	Title = {Recognition of Translator Expertise Using Sequences of Fixations and Keystrokes},
	Year = {2014}}

@incollection{Massey2017,
	Author = {Gary Massey},
	Booktitle = {Doing Applied Linguistics: Enabling Transdisciplinary Communication},
	Chapter = {22},
	Editor = {Daniel Perrin and Ulla Kleinberger},
	Month = {2017-07-12T09:54:57.174+02:00},
	Pages = {184--193},
	Publisher = {De Gruyter},
	Title = {Research-driven translation teaching: doing {{Applied Linguistics}} to empower the learning organisation},
	Year = {2017}}

@inproceedings{Matecat,
	Address = {Dublin, Ireland},
	Author = {Federico, Marcello and Bertoldi, Nicola and Cettolo, Mauro and Negri, Matteo and Turchi, Marco and Trombetti, Marco and Cattelan, Alessandro and Farina, Antonio and Lupinetti, Domenico and Martines, Andrea and Massidda, Alberto and Schwenk, Holger and Barrault, Loïc and Blain, Frederic and Koehn, Philipp and Buck, Christian and Germann, Ulrich},
	Booktitle = {Proceedings of COLING 2014, the 25th International Conference on Computational Linguistics: System Demonstrations},
	Month = aug,
	Pages = {129--132},
	Publisher = {Dublin City University and Association for Computational Linguistics},
	Title = {The Matecat Tool},
	Year = {2014}}

@mastersthesis{McBride2009,
	Address = {Ottawa, Canada},
	Author = {McBride, Cheryl},
	School = {University of Ottawa},
	Title = {Translation Memory Systems: An Analysis of Translators’ Attitudes and Opinions},
	Year = {2009}}

@inproceedings{MesaLao2014,
	Address = {Gothenburg, Sweden},
	Author = {Mesa-Lao, Bartolom\'{e}},
	Booktitle = {Proceedings of the EACL 2014 Workshop on Humans and Computer-assisted Translation},
	Month = {April},
	Pages = {99--103},
	Title = {Speech-Enabled Computer-Aided Translation: A Satisfaction Survey with Post-Editor Trainees},
	Year = {2014}}

@inproceedings{Miniukovich2017,
	Address = {Edinburgh, United Kingdom},
	Author = {Miniukovich, Aliaksei and De Angeli, Antonella and Sulpizio, Simone and Venuti, Paola},
	Booktitle = {Proceedings of the 2017 Conference on Designing Interactive Systems},
	Pages = {285--296},
	Series = {DIS '17},
	Title = {Design Guidelines for Web Readability},
	Year = {2017}}

@book{Moorkens2018,
	Author = {Moorkens, Joss and Castilho, Sheila and Gaspari, Federico and Doherty, Stephen},
	Publisher = {Springer},
	Series = {Machine Translation: Technologies and Applications},
	Title = {Translation Quality Assessment: From Principles to Practice},
	Year = {2018}}

@inproceedings{MoorkensOBrien2013,
	Address = {Nice, France},
	Author = {Moorkens, Joss and O’Brien, Sharon},
	Booktitle = {Proceedings of MT Summit XIV Workshop on Post-editing Technology and Practice (WPTP)},
	Pages = {19--25},
	Title = {User attitudes to the post-editing interface},
	Year = {2013}}

@incollection{MoorkensOBrien2017,
	Author = {Joss Moorkens and Sharon O’Brien},
	Booktitle = {Human Issues in Translation Technology},
	Editor = {Dorothy Kenny},
	Pages = {109--130},
	Publisher = {Routledge},
	Title = {Assessing User Interface Needs of Post-Editors of Machine Translation},
	Year = {2017}}

@inproceedings{Moses,
	Address = {Prague, Czech Republic},
	Author = {Philipp Koehn and Hieu Hoang and Alexandra Birch and Chris Callison-Burch and Marcello Federico and Nicola Bertoldi and Brooke Cowan and Wade Shen and Christine Moran and Richard Zens and Chris Dyer and Ondrej Bojar and Alexandra Constantin and Evan Herbst},
	Booktitle = {Proceedings of ACL},
	Title = {Moses: Open Source Toolkit for Statistical Machine Translation},
	Year = {2007}}

@article{Mou2015,
	Author = {Lili Mou and Rui Yan and Ge Li and Lu Zhang and Zhi Jin},
	Journal = {arXiv preprint},
	Title = {Backbone Language Modeling for Constrained Natural Language Generation},
	Volume = {1512.06612},
	Year = {2015}}

@inproceedings{Mueller2018,
	Address = {Brussels, Belgium},
	Author = {Müller, Matthias and Rios, Annette and Voita, Elena and Sennrich, Rico},
	Booktitle = {Proceedings of WMT},
	Title = {A Large-Scale Test Set for the Evaluation of Context-Aware Pronoun Translation in Neural Machine Translation},
	Year = {2018}}

@inproceedings{Nakov2016,
	Address = {San Diego, California},
	Author = {Preslav Nakov and Alan Ritter and Sara Rosenthal and Veselin Stoyanov and Fabrizio Sebastiani},
	Booktitle = {Proceedings of the 10th International Workshop on Semantic Evaluation (SemEval)},
	Month = {June},
	Pages = {1--18},
	Title = {{SemEval}-2016 Task 4: Sentiment Analysis in {T}witter},
	Year = {2016}}

@inproceedings{Nematus,
	Address = {Valencia, Spain},
	Author = {Rico Sennrich and Orhan Firat and Kyunghyun Cho and Alexandra Birch and Barry Haddow and Julian Hitschler and Marcin Junczys-Dowmunt and Samuel Läubli and Antonio Valerio Miceli Barone and Jozef Mokry and Maria Nădejde},
	Booktitle = {Proceedings of the EACL 2017 Software Demonstrations},
	Month = {April},
	Pages = {65--68},
	Title = {Nematus: a Toolkit for Neural Machine Translation},
	Year = {2017}}

@article{Neubig2017,
	Author = {Graham Neubig},
	Journal = {arXiv preprint},
	Month = {Mar},
	Number = {1703.01619},
	Title = {Neural Machine Translation and Sequence-to-sequence Models: A Tutorial},
	Year = {2017}}

@book{Norman1988,
	Address = {New York, USA},
	Author = {Don Norman},
	Publisher = {Basic Books},
	Title = {The Design of Everyday Things},
	Year = {1988}}

@article{NunesVieira2017,
	Author = {Lucas Nunes Vieira},
	Journal = {Across Languages and Cultures},
	Number = {1},
	Pages = {79–105},
	Title = {Cognitive effort and different task foci in post-editing of machine translation: A think-aloud study},
	Volume = {18},
	Year = {2017}}

@article{OBrien2012,
	Author = {O'Brien, Sharon},
	Journal = {Translation Spaces},
	Number = {1},
	Pages = {101-122},
	Title = {Translation as human–computer interaction},
	Volume = {1},
	Year = {2012}}

@article{OBrien2017,
	Author = {Sharon O’Brien and Maureen Ehrensberger-Dow and Marcel Hasler and Megan Connolly},
	Journal = {HERMES},
	Pages = {145--162},
	Title = {Irritating {{CAT}} Tool Features that Matter to Translators},
	Volume = {56},
	Year = {2017}}

@incollection{OHagan2016,
	Address = {London/New York},
	Author = {O'Hagan, Minako},
	Booktitle = {Human Issues in Translation Technology},
	Chapter = {2},
	Editor = {Dorothy Kenny},
	Publisher = {Routledge},
	Title = {Deconstructing translation crowdsourcing with the case of a {{F}}acebook initiative},
	Year = {2016}}

@article{OpenNMT,
	Author = {Guillaume Klein and Yoon Kim and Yuntian Deng and Jean Senellart and Alexander M. Rush},
	Journal = {arXiv preprint},
	Month = {Jan},
	Number = {1701.02810v2},
	Title = {OpenNMT: Open-Source Toolkit for Neural Machine Translation},
	Year = {2017}}

@inproceedings{OPUS,
	Address = {Borovets, Bulgaria},
	Author = {J\"org Tiedemann},
	Booktitle = {Proceedings of RANLP},
	Pages = {237--248},
	Title = {News from {OPUS} -- {A} Collection of Multilingual Parallel Corpora with Tools and Interfaces},
	Year = 2009}

@inproceedings{OrtizMartinez2010,
	Address = {Los Angeles, California},
	Author = {Ortiz-Mart\'{i}nez, Daniel and Garc\'{i}a-Varea, Ismael and Casacuberta, Francisco},
	Booktitle = {Human Language Technologies: The 2010 Annual Conference of the North American Chapter of the Association for Computational Linguistics},
	Month = {June},
	Pages = {546--554},
	Title = {Online Learning for Interactive Statistical Machine Translation},
	Year = {2010}}

@incollection{OrtizMartinez2016,
	Author = {Ortiz-Martínez, Daniel and González-Rubio, Jesús and Alabau, Vicent and Sanchis-Trilles, Germán and Casacuberta, Francisco},
	Booktitle = {New Directions in Empirical Translation Process Research: Explorint the CRITT TPR-DB},
	Editor = {Carl, Michael and Bangalore, Srinivas and Schaeffer, Moritz},
	Pages = {57--76},
	Publisher = {Springer},
	Title = {Integrating Online and Active Learning in a Computer-Assisted Translation Workbench},
	Year = {2016}}

@inproceedings{P01-1030,
	Author = {Germann, Ulrich and Jahr, Michael and Knight, Kevin and Marcu, Daniel and Yamada, Kenji},
	Booktitle = {Proceedings of the 39th Annual Meeting of the Association for Computational Linguistics},
	Title = {Fast Decoding and Optimal Decoding for Machine Translation},
	Year = {2001}}

@inproceedings{Papineni2002,
	Address = {Philadelphia, PA, USA},
	Author = {Papineni, Kishore and Roukos, Salim and Ward, Todd and Zhu, Wei-Jing},
	Booktitle = {Proceedings of the 40th Annual Meeting on Association for Computational Linguistics (ACL)},
	Pages = {311--318},
	Title = {{{BLEU}}: A Method for Automatic Evaluation of Machine Translation},
	Year = {2002}}

@techreport{Parker2011,
	Author = {Robert Parker and David Graff and Junbo Kong and Ke Chen and Kazuaki Maeda},
	Institution = {Linguistic Data Consortium},
	Number = {LDC2011T07},
	Title = {English Gigaword Fifth Edition},
	Type = {DVD},
	Year = {2011}}

@article{PaulsenChristensen2017,
	Author = {Paulsen Christensen, Tina and Flanagan, Marian and Schjoldager, Anne},
	Journal = {HERMES},
	Number = {56},
	Pages = {7--20},
	Title = {Mapping translation technology research in translation studies. An introduction to the thematic section},
	Year = {2017}}

@book{Perec1969,
	Address = {Paris, France},
	Author = {Perec, Georges},
	Publisher = {Éditions Gallimard},
	Title = {La Disparation},
	Year = {1969}}

@book{Perec2013,
	Address = {Zürich, Switzerland},
	Author = {Perec, Georges},
	Edition = {übersetzt von Eugen Helmlé},
	Publisher = {Diaphanes},
	Title = {Anton Voyls Fortgang},
	Year = {2013}}

@article{Peris2017,
	Author = {Peris, Álvaro and Domingo, Miguel and Casacuberta, Francisco},
	Journal = {Computer Speech \& Language},
	Pages = {201--220},
	Title = {Interactive neural machine translation},
	Volume = {45},
	Year = {2017}}

@article{Peris2017b,
	Author = {Álvaro Peris and Luis Cebrián and Francisco Casacuberta},
	Journal = {arXiv preprint},
	Month = {Jun},
	Number = {1706.03196v1},
	Title = {Online Learning for Neural Machine Translation Post-editing},
	Year = {2017}}

@article{PlittMasselot2010,
	Author = {Plitt, Mirko and Masselot, François},
	Journal = {Prague Bulletin of Mathematical Linguistics},
	Pages = {7--16},
	Title = {A Productivity Test of Statistical Machine Translation Post-Editing in a Typical Localisation Context.},
	Volume = {93},
	Year = {2010}}

@article{Popovic2017,
	Author = {Popović, Maja},
	Journal = {The Prague Bulletin of Mathematical Linguistics},
	Number = {1},
	Pages = {209--220},
	Title = {Comparing language related issues for {{NMT}} and {{PBMT}} between German and English},
	Volume = {108},
	Year = {2017}}

@inproceedings{PostVilar2018,
	Author = {Matt Post and David Vilar},
	Title = {Fast Lexically Constrained Decoding with Dynamic Beam Allocation for Neural Machine Translation},
	Year = {2018}}

@inproceedings{Rello2016,
	Address = {San Jose, California, USA},
	Author = {Rello, Luz and Pielot, Martin and Marcos, Mari-Carmen},
	Booktitle = {Proceedings of the 2016 CHI Conference on Human Factors in Computing Systems},
	Pages = {3637--3648},
	Series = {CHI '16},
	Title = {Make It Big!: The Effect of Font Size and Line Spacing on Online Readability},
	Year = {2016}}

@inproceedings{Rios2018,
	Address = {Brussels, Belgium},
	Author = {Rios, Annette and Müller, Matthias and Sennrich, Rico},
	Booktitle = {Proceedings of WMT},
	Title = {The Word Sense Disambiguation Test Suite at {{WMT18}}},
	Year = {2018}}

@inproceedings{Rosenthal2017,
	Address = {Vancouver, Canada},
	Author = {Sara Rosenthal and Noura Farra and Preslav Nakov},
	Booktitle = {Proceedings of the 11th International Workshop on Semantic Evaluation},
	Month = {August},
	Publisher = {Association for Computational Linguistics},
	Series = {SemEval '17},
	Title = {{SemEval}-2017 Task 4: Sentiment Analysis in {T}witter},
	Year = {2017}}

@article{Ruiz2008,
	Author = {C. Ruiz and N. Paredes and P. Macizo and M.T. Bajo},
	Journal = {Acta Psychologica},
	Number = {3},
	Pages = {490 - 500},
	Title = {Activation of lexical and syntactic target language properties in translation},
	Volume = {128},
	Year = {2008}}

@inproceedings{SanchezTorronKoehn2016,
	Address = {Austin, TX, USA},
	Author = {Marina Sanchez-Torron and Philipp Koehn},
	Booktitle = {Proceedings of the Conference of the Association for Machine Translation in the Americas (AMTA)},
	Month = {October},
	Pages = {16--26},
	Title = {Machine Translation Quality and Post-Editor Productivity},
	Year = 2016}

@techreport{SAT2016,
	Author = {Jennifer L. Kobrin and Amy Elizabeth Schmidt},
	Institution = {College Board},
	Title = {The Research Behind the New {{SAT}}},
	Type = {Research Report},
	Year = {2007}}

@incollection{SchaefferCarl2017,
	Address = {Berlin, Germany},
	Author = {Moritz Schaeffer and Michael Carl},
	Booktitle = {Empirical modelling of translation and interpreting},
	Editor = {Hansen-Schirra, Silvia and Oliver Czulo and Sascha Hofmann},
	Pages = {117--154},
	Publisher = {Language Science Press},
	Title = {Language processing and translation},
	Year = {2017}}

@incollection{Schriver1989,
	Address = {Berkeley, CA},
	Author = {Schriver, Karen A.},
	Booktitle = {Expanding the Repertoire: An Anthalogy of Practical Approaches for the Teaching of Writing},
	Editor = {McCormick, Kathleen},
	Month = {May},
	Number = {11},
	Pages = {45--57},
	Publisher = {National Center for the Study of Writing and Literacy},
	Series = {Reading-to-Write Report},
	Title = {Reading to write: Practical approaches for the teaching of writing},
	Type = {Technical Report No. 30},
	Year = {1989}}

@book{Schriver1997,
	Address = {New York, NY, USA},
	Author = {Schriver, Karen A.},
	Publisher = {John Wiley \& Sons},
	Title = {Dynamics in Document Design: Creating Text for Readers},
	Year = {1997}}

@inproceedings{Sennrich2010,
	Address = {Denver, CO, USA},
	Author = {Rico Sennrich and Martin Volk},
	Booktitle = {Proceedings of the 9th Conference of the Association for Machine Translation in the Americas (AMTA)},
	Month = {October},
	Title = {{{MT}}-based Sentence Alignment for {{OCR}}-generated Parallel Texts},
	Year = {2010}}

@inproceedings{Sennrich2011,
	Address = {Riga, Latvia},
	Author = {Sennrich, Rico and Volk, Martin},
	Booktitle = {Proceedings of the 18th Nordic Conference of Computational Linguistics (NODALIDA)},
	Month = {May},
	Pages = {175--182},
	Title = {Iterative, MT-based Sentence Alignment of Parallel Texts},
	Year = {2011}}

@inproceedings{Sennrich2016,
	Address = {Berlin, Germany},
	Author = {Sennrich, Rico and Haddow, Barry and Birch, Alexandra},
	Booktitle = {{Proceedings of ACL}},
	Month = {August},
	Pages = {1715--1725},
	Title = {{Neural Machine Translation of Rare Words with Subword Units}},
	Year = {2016}}

@inproceedings{Sennrich2017,
	Address = {Valencia, Spain},
	Author = {Rico Sennrich},
	Booktitle = {Proceedings of EACL},
	Pages = {376--382},
	Title = {How Grammatical is Character-level Neural Machine Translation? Assessing {{MT}} Quality with Contrastive Translation Pairs},
	Year = {2017}}

@inproceedings{Sennrich2017wmt,
	Address = {Copenhagen, Denmark},
	Author = {Rico Sennrich and Alexandra Birch and Anna Currey and Ulrich Germann and Barry Haddow and Kenneth Heafield and Antonio Valerio Miceli Barone and Philip Williams},
	Booktitle = {Proceedings of WMT},
	Month = {September},
	Title = {The {{University of Edinburgh}}'s Neural {{MT}} Systems for {{WMT}}17},
	Year = {2017}}

@article{Shneiderman1983,
	Author = {Shneiderman, Ben},
	Journal = {Computer},
	Number = {8},
	Pages = {57--69},
	Title = {Direct manipulation: A step beyond programming languages},
	Year = {1983}}

@inproceedings{Shneiderman1996,
	Address = {Boulder, CO, USA},
	Author = {Shneiderman, Ben},
	Booktitle = {Proceedings of the IEEE Symposion on Visual Languages},
	Month = {September},
	Pages = {336--343},
	Title = {The eyes have it: A task by data type taxonomy for information visualizations},
	Year = {1996}}

@phdthesis{Simianer2018,
	Address = {Heidelberg, Germany},
	Author = {Simianer, Patrick},
	School = {University of Heidelberg},
	Title = {Preference Learning for Machine Translation},
	Year = {2018}}

@article{Sockeye,
	Author = {Felix Hieber and Tobias Domhan and Michael Denkowski and David Vilar and Artem Sokolov and Ann Clifton and Matt Post},
	Journal = {arXiv preprint},
	Month = {12},
	Number = {1712.05690v1},
	Title = {Sockeye: A Toolkit for Neural Machine Translation},
	Year = {2017}}

@article{Sprechmann2018,
	Author = {Pablo Sprechmann and Siddhant M. Jayakumar and Jack W. Rae and Alexander Pritzel and Adrià Puigdomènech Badia and Benigno Uria and Oriol Vinyals and Demis Hassabis and Razvan Pascanu and Charles Blundell},
	Journal = {arXiv preprint},
	Month = {Feb},
	Number = {1802.10542v1},
	Title = {Memory-based Parameter Adaptation},
	Year = {2018}}

@book{Suchman1987,
	Author = {Suchman, Lucy A},
	Publisher = {Cambridge University Press},
	Title = {Plans and Situated Actions: The Problem of Human-machine Communication},
	Year = {1987}}

@article{Suchman2003,
	Author = {Suchman, Lucy A.},
	Journal = {The Journal of the Learning Sciences},
	Number = {2},
	Pages = {299--306},
	Title = {Writing and Reading: A Response to Comments on Plans and Situated Actions},
	Volume = {12},
	Year = {2003}}

@book{Suchman2007,
	Author = {Suchman, Lucy A.},
	Edition = {2nd},
	Publisher = {Cambridge University Press},
	Title = {Human-machine Reconfigurations: Plans and Situated Actions},
	Year = {2007}}

@unpublished{SUS,
	Author = {Brooke, John},
	Title = {SUS: A quick and dirty usability scale},
	Year = {1996}}

@inproceedings{Sutskever2014,
	Address = {Montreal, Canada},
	Author = {Ilya Sutskever and Oriol Vinyals and Le, Quoc V.},
	Booktitle = {Proceedings of NIPS},
	Month = {December},
	Pages = {3104--3112},
	Title = {Sequence to sequence learning with neural networks},
	Year = {2014}}

@article{Taboda2011,
	Author = {Maite Taboada and Julian Brooke and Milan Tofiloski and Kimberly Voll and Manfred Stede},
	Journal = {Computational Linguistics},
	Number = {2},
	Pages = {267–307},
	Title = {Lexicon-Based Methods for Sentiment Analysis},
	Volume = {37},
	Year = {2011}}

@techreport{TAUS2016,
	Address = {De Rijp, The Netherlands},
	Author = {Isabella Massardo and Jaap van der Meer and Maxim Khalilov},
	Institution = {TAUS BV},
	Month = {September},
	Title = {TAUS Translation Technology Landscape Report},
	Type = {Research Report},
	Year = {2016}}

@phdthesis{Texeira2014,
	Address = {Tarragona, Spain},
	Author = {Carlos da Silva Cardoso Teixeira},
	School = {Universitat Rovira i Virgili},
	Title = {The Impact of Metadata on Translator Performance: How Translators Work with Translation Memories and Machine Translation},
	Year = {2014}}

@inproceedings{Toral2018,
	Address = {Belgium, Brussels},
	Author = {Toral, Antonio and Castilho, Sheila and Hu, Ke and Way, Andy},
	Booktitle = {Proceedings of WMT},
	Pages = {113--123},
	Publisher = {Association for Computational Linguistics},
	Title = {Attaining the Unattainable? {{R}}eassessing Claims of Human Parity in Neural Machine Translation},
	Year = {2018}}

@ARTICLE{Toral2018Literary,
AUTHOR={Toral, Antonio and Wieling, Martijn and Way, Andy},   
TITLE={Post-editing Effort of a Novel With Statistical and Neural Machine Translation},      
JOURNAL={Frontiers in Digital Humanities},      
VOLUME={5},      
NUMBER={9},
YEAR={2018}}

@article{TorresHostench2017,
	Author = {Torres-Hostench, Olga and Joss Moorkens and Sharon O'Brien and Joris Vreeke},
	Journal = {Translation & Interpreting},
	Number = {9},
	Pages = {138--150},
	Title = {Testing interaction with a mobile MT post-editing app},
	Volume = {2},
	Year = {2017}}

@inproceedings{Tu2016,
	Author = {Tu, Zhaopeng and Lu, Zhengdong and Liu, Yang and Liu, Xiaohua and Li, Hang},
	Booktitle = {Proceedings of the 54th Annual Meeting of the Association for Computational Linguistics (ACL)},
	Pages = {76--85},
	Title = {Modeling Coverage for Neural Machine Translation},
	Year = {2016}}

@inproceedings{Tu2017,
	Address = {San Francisco, CA, USA},
	Author = {Zhaopeng Tu and Yang Liu and Lifeng Shang and Xiaohua Liu and Hang Li},
	Booktitle = {Proceedings of the Thirty-First AAAI Conference on Artificial Intelligence},
	Month = {February},
	Pages = {3097--3103},
	Title = {Neural Machine Translation with Reconstruction},
	Year = {2017}}

@techreport{VanSlype1979,
	Address = {Brussels, Belgium},
	Author = {Van Slype, Georges},
	Institution = {Bureau Marcel van Dijk},
	Number = {BR 19142},
	Title = {Critical study of methods for evaluating the quality of machine translation},
	Type = {Research Report prepared for the Commission of the European Communities},
	Year = {1979}}

@article{Vaswani2017,
	Author = {Ashish Vaswani and Noam Shazeer and Niki Parmar and Jakob Uszkoreit and Llion Jones and Aidan N. Gomez and Lukasz Kaiser and Illia Polosukhin},
	Journal = {arXiv preprint},
	Month = {Jun},
	Number = {1706.03762v3},
	Title = {Attention Is All You Need},
	Year = {2017}}

@inproceedings{VoigtJurafsky2012,
	Address = {Montrèal, Canada},
	Author = {Voigt, Rob and Jurafsky, Dan},
	Booktitle = {Proceedings of the NAACL-HLT 2012 Workshop on Computational Linguistics for Literature},
	Pages = {18--25},
	Title = {Towards a Literary Machine Translation: The Role of Referential Cohesion},
	Year = {2012}}

@inproceedings{Volk2010,
	Address = {Denver, Colorado, USA},
	Author = {Martin Volk and Rico Sennrich and Christian Hardmeier and Frida Tidström},
	Booktitle = {Proceedings of the 2nd joint EM+/CNGL Workshop ``Bringing MT to the user: research on integrating MT in the translation industry''},
	Month = {November},
	Pages = {53--62},
	Title = {Machine translation of {{TV}} subtitles for large scale production},
	Year = {2010}}

@inproceedings{Wang2017,
	Address = {Copenhagen, Denmark},
	Author = {Wang, Longyue and Tu, Zhaopeng and Way, Andy and Liu, Qun},
	Booktitle = {Proceedings of the 2017 Conference on Empirical Methods in Natural Language Processing},
	Pages = {2826--2831},
	Title = {Exploiting Cross-Sentence Context for Neural Machine Translation},
	Year = {2017}}

@article{Wang2018,
	Author = {Xinyi Wang and Hieu Pham and Zihang Dai and Graham Neubig},
	Journal = {arXiv preprint},
	Month = {Aug},
	Number = {1808.07512v1},
	Title = {SwitchOut: an Efficient Data Augmentation Algorithm for Neural Machine Translation},
	Year = {2018}}

@misc{Weaver1947a,
	Author = {Weaver, Warren},
	Month = {4 March},
	Title = {Letter to Norbert Wiener.},
	Year = {1947}}

@misc{Weaver1947b,
	Author = {Weaver, Warrnen},
	Month = {9 May},
	Title = {Letter to Norbert Wiener.},
	Year = {1947}}

@proceedings{Webber2017,
	Address = {Copenhagen, Denmark},
	Editor = {Webber, Bonnie and Popescu-Belis, Andrei and Tiedemann, Jörg},
	Title = {Proceedings of the Third Workshop on Discourse in Machine Translation (DiscoMT)},
	Year = {2017}}

@inproceedings{Whitelock1986,
	Address = {Bonn, Germany},
	Author = {Whitelock, Peter J. and McGee Wood, Mary and Chandler, Brian J. and Holden, Natsuko and Horsfall, Heather J.},
	Booktitle = {Proceedings of the 11th Coference on Computational Linguistics (COLING)},
	Pages = {329--334},
	Title = {Strategies for Interactive Machine Translation: The Experience and Implications of the {{UMIST}} {{J}}apanese Project},
	Year = {1986}}

@inproceedings{WMT2013,
	Address = {Sofia, Bulgaria},
	Author = {Bojar, Ond\v{r}ej and Buck, Christian and Callison-Burch, Chris and Federmann, Christian and Haddow, Barry and Koehn, Philipp and Monz, Christof and Post, Matt and Soricut, Radu and Specia, Lucia},
	Booktitle = {Proceedings of the Eighth Workshop on Statistical Machine Translation},
	Month = {August},
	Pages = {1--44},
	Title = {Findings of the 2013 {Workshop on Statistical Machine Translation}},
	Year = {2013}}

@inproceedings{WMT2016,
	Address = {Berlin, Germany},
	Author = {Bojar, Ond\v{r}ej and Chatterjee, Rajen and Federmann, Christian and Graham, Yvette and Haddow, Barry and Huck, Matthias and Jimeno Yepes, Antonio and Koehn, Philipp and Logacheva, Varvara and Monz, Christof and Negri, Matteo and Neveol, Aurelie and Neves, Mariana and Popel, Martin and Post, Matt and Rubino, Raphael and Scarton, Carolina and Specia, Lucia and Turchi, Marco and Verspoor, Karin and Zampieri, Marcos},
	Booktitle = {Proceedings of the First Conference on Machine Translation (WMT)},
	Month = {August},
	Pages = {131--198},
	Publisher = {Association for Computational Linguistics},
	Title = {Findings of the 2016 Conference on Machine Translation},
	Year = {2016}}

@inproceedings{WMT2017,
	Address = {Copenhagen, Denmark},
	Author = {Bojar, Ond\v{r}ej and Chatterjee, Rajen and Federmann, Christian and Graham, Yvette and Haddow, Barry and Huang, Shujian and Huck, Matthias and Koehn, Philipp and Liu, Qun and Logacheva, Varvara and Monz, Christof and Negri, Matteo and Post, Matt and Rubino, Raphael and Specia, Lucia and Turchi, Marco},
	Booktitle = {Proceedings of the Second Conference on Machine Translation, Volume 2: Shared Task Papers},
	Month = {September},
	Pages = {169--214},
	Title = {Findings of the 2017 Conference on Machine Translation (WMT17)},
	Year = {2017}}

@inproceedings{WMT2018,
	Address = {Belgium, Brussels},
	Author = {Bojar, Ond\v{r}ej and Federmann, Christian and Fishel, Mark and Graham, Yvette and Haddow, Barry and Huck, Matthias and Koehn, Philipp and Monz, Christof},
	Booktitle = {Proceedings of the Third Conference on Machine Translation},
	Month = {October},
	Pages = {272--307},
	Title = {Findings of the 2018 Conference on Machine Translation (WMT18)},
	Year = {2018}}

@article{Wu2016,
	Author = {Yonghui Wu and Mike Schuster and Zhifeng Chen and Quoc V. Le and Mohammad Norouzi and Wolfgang Macherey and Maxim Krikun and Yuan Cao and Qin Gao and Klaus Macherey and Jeff Klingner and Apurva Shah and Melvin Johnson and Xiaobing Liu and Łukasz Kaiser and Stephan Gouws and Yoshikiyo Kato and Taku Kudo and Hideto Kazawa and Keith Stevens and George Kurian and Nishant Patil and Wei Wang and Cliff Young and Jason Smith and Jason Riesa and Alex Rudnick and Oriol Vinyals and Greg Corrado and Macduff Hughes and Jeffrey Dean},
	Journal = {arXiv preprint},
	Month = {Sep},
	Number = {arXiv:1609.08144v2},
	Title = {Google's Neural Machine Translation System: Bridging the Gap between Human and Machine Translation},
	Year = {2016}}

@inproceedings{Wuebker2016,
	Address = {Berlin, Germany},
	Author = {Wuebker, Joern and Green, Spence and DeNero, John and Hasan, Sasa and Luong, Minh-Thang},
	Booktitle = {Proceedings of the 54th Annual Meeting of the Association for Computational Linguistics (Volume 1: Long Papers)},
	Month = {August},
	Pages = {66--75},
	Publisher = {Association for Computational Linguistics},
	Title = {Models and Inference for Prefix-Constrained Machine Translation},
	Year = {2016}}

@inproceedings{Wuebker2018,
	Address = {Brussels, Belgium},
	Author = {Wuebker, Joern and Simianer, Patrick and DeNero, John},
	Booktitle = {Proceedings of the 2018 Conference on Empirical Methods in Natural Language Processing},
	Pages = {881--886},
	Title = {Compact Personalized Models for Neural Machine Translation},
	Year = {2018}}

@inproceedings{WuPalmer1994,
	Address = {Las Cruces, NM, USA},
	Author = {Wu, Zhibiao and Palmer, Martha},
	Booktitle = {Proceedings of the 32nd Annual Meeting of the Association for Computational Linguistics (ACL)},
	Pages = {133--138},
	Title = {Verb semantics and lexical selection},
	Year = {1994}}

@inproceedings{Yan2014,
	Address = {Baltimore, Maryland},
	Author = {Yan, Rui and Gao, Mingkun and Pavlick, Ellie and Callison-Burch, Chris},
	Booktitle = {Proceedings of the 52nd Annual Meeting of the Association for Computational Linguistics (Volume 1: Long Papers)},
	Month = {June},
	Pages = {1134--1144},
	Title = {Are Two Heads Better than One? Crowdsourced Translation via a Two-Step Collaboration of Non-Professional Translators and Editors},
	Year = {2014}}

@article{Yang2018,
	Author = {Jing Yang and Biao Zhang and Yue Qin and Xiangwen Zhang and Qian Lin and Jinsong Su},
	Journal = {arXiv preprint},
	Month = {Jul},
	Number = {1807.08945v1},
	Title = {Otem&Utem: Over- and Under-Translation Evaluation Metric for NMT},
	Year = {2018}}

@inproceedings{Ye2018,
	Address = {Dalian, China},
	Author = {Ye, Na and Xu, Ping and Wu, Chuang and Zhang, Guiping},
	Booktitle = {Proceedings of the 6h Conference on Natural Language Processing and Chinese Computing (NLPCC)},
	Editor = {Huang, Xuanjing and Jiang, Jing and Zhao, Dongyan and Feng, Yansong and Hong, Yu},
	Month = {November},
	Pages = {255--266},
	Title = {Using Bilingual Segments to Improve Interactive Machine Translation},
	Year = {2017}}

@article{Yuan2016,
	Author = {Dayu Yuan and Julian Richardson and Ryan Doherty and Colin Evans and Eric Altendorf},
	Journal = {arXiv preprint},
	Month = {Mar},
	Number = {1603.07012v2},
	Title = {Semi-supervised Word Sense Disambiguation with Neural Models},
	Year = {2016}}

@techreport{Zaretskaya2015,
	Author = {Anna Zaretskaya},
	Institution = {EXPERT Project, the European Union's Seventh Framework Programme (FP7)},
	Number = {D2.1},
	Title = {User Requirement Analysis},
	Year = {2015}}

@inproceedings{Zaretskaya2015a,
	Author = {Zaretskaya, Anna and Corpas Pastor, Gloria and Seghiri, Miriam},
	Booktitle = {Proceedings of the AIETI7 Conference New Horizons is Translation and Interpreting Studies},
	Title = {Translators’ requirements for translation technologies: Results of a user survey},
	Year = {2015}}

@inproceedings{Ziemsky2016,
	Address = {Portorož, Slovenia},
	Author = {Michał Ziemski and Marcin Junczys-Dowmunt and Bruno Pouliquen},
	Booktitle = {Proceedings of the 10th International Conference on Language Resources and Evaluation (LREC)},
	Month = {May},
	Pages = {3530--3534},
	Title = {The {{United Nations Parallel Corpus}} v1.0},
	Year = {2016}}

@inproceedings{ZophKnight2016,
	Address = {San Diego, California},
	Author = {Zoph, Barret and Knight, Kevin},
	Booktitle = {Proceedings of the 2016 Conference of the North American Chapter of the Association for Computational Linguistics: Human Language Technologies (NAACL)},
	Month = {June},
	Pages = {30--34},
	Title = {Multi-Source Neural Translation},
	Year = {2016}}

@inproceedings{Zweig2012,
	Address = {Jeju Island, Korea},
	Author = {Zweig, Geoffrey and Platt, John C. and Meek, Christopher and Burges, Christopher J. C. and Yessenalina, Ainur and Liu, Qiang},
	Booktitle = {Proceedings of the 50th Annual Meeting of the Association for Computational Linguistics},
	Month = {July},
	Pages = {601--610},
	Title = {Computational Approaches to Sentence Completion},
	Year = {2012}}

@techreport{ZweigBurges2011,
	Author = {Geoffrey Zweig and Christopher J. C. Burges},
	Institution = {Microsoft Research},
	Number = {MSR-TR-2011-129},
	Title = {The {{Microsoft Research}} Sentence Completion Challenge},
	Type = {Technical Report},
	Year = {2011}}

@article{zwahlen2016tm,
	Author = {Zwahlen, Alena and Carnal, Olivier and Läubli, Samuel},
	Journal = {arXiv preprint},
	Title = {Automatic {{TM}} Cleaning through {{MT}} and {{POS}} Tagging: {{A}}utodesk's Submission to the {{NLP4TM}} 2016 Shared Task},
	Volume = {1605.05906},
	Year = {2016}}

@inproceedings{LuongManning2015,
        Address = {Da Nang, Vietnam},
        Author = {Luong, Minh-Thang and Manning, Christopher D.},
        Booktitle = {Proceedings of IWSLT},
        Title = {Stanford Neural Machine Translation Systems for Spoken Language Domain},
        Year = {2015}}

@inproceedings{Chu2017,
    title = "An Empirical Comparison of Domain Adaptation Methods for Neural Machine Translation",
    author = "Chu, Chenhui  and
      Dabre, Raj  and
      Kurohashi, Sadao",
    booktitle = "Proceedings of ACL",
    month = "July",
    year = "2017",
    address = "Vancouver, Canada",
    pages = "385--391",
}

@InProceedings{Sennrich2016WMT,
  author    = {Sennrich, Rico  and  Haddow, Barry  and  Birch, Alexandra},
  title     = {Edinburgh Neural Machine Translation Systems for {{WMT}} 16},
  booktitle = {Proceedings of WMT},
  month     = {August},
  year      = {2016},
  address   = {Berlin, Germany},
  pages     = {371--376},
}

@techreport{CarterWojton2018,
	Address = {Alexandria VA, USA},
	Author = {Carter, Kristina A. and Wojton, Heather M.},
	Institution = {IDA},
	Number = {NS D-8965},
	Title = {The Effect of Extremes in Small Sample Size on Simple Mixed Models: A Comparison of Level-1 and Level-2 Size},
	Type = {Technical Report},
	Year = {2018}}

@inproceedings{KoehnGermann2014,
	Address = {Gothenburg, Sweden},
	Author = {Koehn, Philipp and Germann, Ulrich},
	Booktitle = {Proceedings of the EACL 2014 Workshop on Humans and Computer-assisted Translation},
	Month = "April",
	Pages = {38--46},
	Title = {The Impact of Machine Translation Quality on Human Post-Editing},
	Year = {2014}}
	
@inproceedings{KalchbrennerBlunsom2013,
    title = "Recurrent Continuous Translation Models",
    author = "Kalchbrenner, Nal and Blunsom, Phil",
    booktitle = "Proceedings of EMNLP",
    month = oct,
    year = "2013",
    address = "Seattle, Washington, USA",
    pages = "1700--1709",
}

@inproceedings{Bahdanau2015,
	Author = {Dzmitry Bahdanau and Kyunghyun Cho and Yoshua Bengio},
	Booktitle = {Proceedings of ICLR},
	Title = {Neural Machine Translation by Jointly Learning to Align and Translate},
	Year = {2015}}

@incollection{Volk2008,
           month = {June},
          author = {Martin Volk},
          series = {Studia Linguistica Upsaliensia},
       booktitle = {Resourceful Language Technology: Festschrift in Honor of Anna S{\r a}gvall Hein},
          editor = {J Nivre and M Dahll{\"o}f and B Megyesi},
           title = {The automatic translation of film subtitles: a machine translation success story?},
         address = {Uppsala, Sweden},
       publisher = {Uppsala University},
            year = {2008},
           pages = {202--214}}

@inproceedings{Sousa2011,
    title = "Assessing the Post-Editing Effort for Automatic and Semi-Automatic Translations of DVD Subtitles",
    author = "de Sousa, Sheila C. M. and
      Aziz, Wilker  and
      Specia, Lucia",
    booktitle = "Proceedings of RANLP",
    month = sep,
    year = "2011",
    address = "Hissar, Bulgaria",
    pages = "97--103",
}

@inproceedings{Federico2012,
    author = {Federico, Marcello and Cattelan, Alessandro and Trombetti, Marco},
    booktitle = {Proceedings of AMTA},
    year = {2012},
    month = {October},
    address = {San Diego CA, USA},
    title = {Measuring User Productivity in Machine Translation Enhanced Computer Assisted Translation}}

@article{SanchezGijon2019,
	Author = {Sánchez-Gijón, Pilar and Moorkens, Joss and Way, Andy},
	Journal = {Machine Translation},
	Number = {4 April 2019},
	Month = {April},
	Title = {Post-editing neural machine translation versus translation memory segments},
	Year = {2019}}

@inproceedings{Snover2006,
	Address = {Boston MA, USA},
	Author = {Matthew Snover and Bonnie Dorr and Rich Schwartz and Linnea Micciulla and John Makhoul},
	Booktitle = {Proceedings of AMTA},
	Title = {A study of translation edit rate with targeted human annotation},
	Year = {2006}}
